
@DocuShare{LDM-493,
	  author =       { Docushare}, 
	    title =        {Waiting for bibtex from Docushare},
		  handle =       {LSE-493}
}

@DocuShare{LPM-43,
	  author =       { Docushare}, 
	    title =        {Waiting for bibtex from Docushare},
		  handle =       {LSE-43}
}

@DocuShare{LPM-44,
	  author =       { Docushare}, 
	    title =        {Waiting for bibtex from Docushare},
		  handle =       {LSE-44}
}

@DocuShare{LDM-472,
	  author =       { Docushare}, 
	    title =        {Waiting for bibtex from Docushare},
		  handle =       {LSE-472}
}
